@BOOK{dechter,
author = "Dechter R.",
title = "Constraint processing",
address = "San Francisco",
publisher = "Morgan Kaufmann",
year = 2003,
numpages = 481
}

@BOOK{freuder,
author = "Freuder E. C., Mackworth A. K.",
title = "Constraint satisfaction: An emerging paradigm",
address = "",
publisher = "Foundations of Artifficial Intelligence",
year = 2006,
numpages = 13
}

@BOOK{tsang,
author = "Tsang E.",
title = "Foundations of Constraint Satisfaction",
address = "New York",
publisher = "Academic Press",
year = 1993,
numpages = 421
}

@BOOK{kautz,
author = "Kautz H., Selman B.",
title = "Planning as Satisfiability",
address = "Chichester",
publisher = "John Wiley and Sons",
year = 1992,
numpages = 359
}

@BOOK{barnier,
author = "Barnier N., Brisset P.",
title = "Graph coloring for air traffic flow management",
address = "",
publisher = "Annals of Operations Research",
year = 2004,
numpages = 163
}

@BOOK{saraev,
author = "Сараев А.Д., Щербина О.А.",
title = "Системный анализ и современные информационные технологии // Труды Крымской академии наук",
address = "Симферополь",
publisher = "СОНАТ",
year = 2006,
numpages = 47
}

@BOOK{montanari,
author = "Montanari U.",
title = "Networks of constraints: Fundamental properties and applications to picture processing",
address = "",
publisher = "Information Sciences",
year = 1974,
numpages = 95
}

@BOOK{hooker,
author = "Hooker J.N., Yan H. / V.A. Saraswat, P. van Hentenryck (eds.)",
title = "Verifying logic circuits by Benders decomposition // Principles and Practice of Constraint Programming",
address = "Cambridge",
publisher = "MIT Press",
year = 1994
}

@BOOK{kumar,
author = "Kumar V.",
title = "Algorithms for constraint satisfaction problems: A survey",
address = "",
publisher = "AI Magazine",
year = 1992,
numpages = 32
}

@BOOK{dechter_frost,
author = "Dechter R., Frost D.",
title = "Backtracking algorithms for constraint satisfaction problems",
address = "University of California",
publisher = "Department of Information and Computer Science",
year = 1999
}

@BOOK{bartak,
author = "Bartak R.",
title = "Theory and practice of constraint propagation // Proceedings of the Third Workshop on Constraint Programming for Decision and Control (CPDC-0I)",
address = "Poland",
publisher = "Gliwice",
year = 2001,
numpages = 7
}

@BOOK{meseguer,
author = "Meseguer P.",
title = "Constraint satisfaction problems: an overview",
address = "",
publisher = "AI Communications",
year = 1989,
numpages = 3
}

@BOOK{miguel,
author = "[Miguel I., Shen Q.",
title = "Solution techniques for constraint satisfaction problems: advanced approaches",
address = "",
publisher = "Artifficial Intelligence Review",
year = 2001,
numpages = 267
}

@BOOK{dechter_networks,
author = "Dechter R.",
title = "Constraint networks // Encyclopedia of Artifficial Intelligence (2nd edition)",
address = "New York",
publisher = "Wiley and Sons",
year = 1992,
numpages = 276
}

@BOOK{hower,
author = "Hower W.",
title = "Constraint satisfaction. Algorithms and complexity analysis",
address = "",
publisher = "Information Processing Letters",
year = 1995,
numpages = 171
}

@BOOK{mackworth,
author = "Mackworth A.K.",
title = "Constraint satisfaction // Encyclopedia of Artifficial Intelligence (second edition)",
address = "New York",
publisher = "Wiley",
year = 1992,
numpages = 285
}

@BOOK{apt,
author = "Apt K. R.",
title = "Principles of Constraint Programming",
address = "New York",
publisher = "Cambridge University Press",
year = 2003,
numpages = 407
}

@BOOK{fruehwirth,
author = "Fruehwirth T., Abdennadher S.",
title = "Essentials of Constraint Programming",
address = "",
publisher = "Springer",
year = 2003,
numpages = 144
}

@BOOK{marriott,
author = "Marriott K., Stuckey P. J.",
title = "Programming with Constraints: An Introduction",
address = "Cambridge",
publisher = "MIT Press",
year = 1998,
numpages = 483
}

@BOOK{rossi,
author = "Rossi F., van Beek P., Walsh T.",
title = "Handbook Of Constraint Programming",
address = "",
publisher = "Elsevier",
year = 2006,
numpages = 978
}

@BOOK{hentenryck,
author = "Van Hentenryck P.",
title = "Constraint Satisfaction in Logic Programming",
address = "Cambridge",
publisher = "MIT Press",
year = 1989,
numpages = 224
}

@BOOK{hentenryck_michel_deville,
author = "Van Hentenryck P., Michel L., Deville Y.",
title = "Numerica: A Modeling Language for Global Optimization",
address = "Cambridge",
publisher = "MIT Press",
year = 1997,
numpages = 210
}

@BOOK{hentenryck_opl,
author = "Van Hentenryck P.",
title = "The OPL Optimization Programming Language",
address = "Cambridge",
publisher = "MIT Press",
year = 1999,
numpages = 255
}

@BOOK{hentenryck_michel,
author = "Van Hentenryck P., Michel L.",
title = "Constraint-Based Local Search",
address = "Cambridge",
publisher = "MIT Press",
year = 2005,
numpages = 442
}

@BOOK{walsh,
author = "Walsh T.",
title = "Reformulating propositional satisfiability as constraint satisfaction",
address = "",
publisher = "Proceedings of the 4th International Symposium on Abstraction, Reformulation, and Approximation (July 26-29)",
year = 2000,
numpages = 233
}

@BOOK{schaefer,
author = "Schaefer T.J.",
title = "The complexity of satisfiability problems",
address = "",
publisher = "Proceedings 10th ACM Symposium on Theory of Computing (STOC'78)",
year = 1978,
numpages = 216
}

@BOOK{glover,
author = "Glover F.",
title = "Tabu search-Part II",
address = "",
publisher = "ORSA Journal on computing",
year = 1989
}

@BOOK{russell,
author = "Russell St. J., Norvig P.",
title = "Artificial Intelligence: A Modern Approach (2nd ed.)",
address = "Upper Saddle River, New Jersey",
publisher = "Prentice Hall",
year = 2003,
numpages = 111
}

@BOOK{kirkpatrick,
author = "Kirkpatrick S., Gelatt Jr C. D., Vecchi M. P.",
title = "Optimization by Simulated Annealing",
address = "",
publisher = "Science",
year = 1983,
numpages = 671
}

@BOOK{colorni,
author = "Colorni A., M. Dorigo et V. Maniezzo",
title = "Distributed Optimization by Ant Colonies, actes de la première conférence européenne sur la vie artificielle",
address = "Paris, France",
publisher = "Elsevier Publishing",
year = 1991,
numpages = 134
}

@BOOK{lau,
author = "Lau K.M., Chan S.M., Xu L.",
title = "Comparison of the Hopfield scheme to the hybrid of Lagrange and transformation approaches for solving the travelling salesman problem",
address = "",
publisher = "Proceedings of Intelligence in Neural and Biological Systems",
year = 1995
}

@BOOK{mcconnell,
author = "Макконнелл С.",
title = "Совершенный код",
address = "",
publisher = "Русская Редакция, Microsoft Press",
year = 2010
}

@BOOK{poletaev,
author = "С.А.Полетаев",
title = "Параллельные вычисления на графических процессорах",
address = "Новосибирск",
publisher = " Ин-т систем информатики имени А. П. Ершова СО РАН",
year = 2008,
numpages = 271
}

@BOOK{cuda_best,
author = "NVIDIA corp.",
title = "CUDA C Best Practices Guide",
address = "",
publisher = "CUDA SDK",
year = 2014
}

@BOOK{sanders,
author = "Sanders J., Kandrot E.",
title = "CUDA by Example An Introduction to General-Purpose GPU Programming",
address = "",
publisher = "Addison-Wesley",
year = 2010
}

@BOOK{kirk,
author = "David B. Kirk, Wen-mei W. Hwu",
title = "Programming Massively Parallel Processors A Hands-on Approach",
address = "",
publisher = "Morgan Kaufmanm",
year = 2012
}

@BOOK{boreskov,
author = "Боресков А.В., Харламов А.А.",
title = "Основы работы с технологией CUDA",
address = "",
publisher = "ДМК Пресс",
year = 2010
}

@BOOK{gotlieb,
author = "A. Gotlieb, B. Botella, M. Rueher",
title = "Automatic test data generation using constraint
solving techniques",
address = "",
publisher = "ACM SIGSOFT Software Engineering Notes",
year = 1998,
numpages = 53
}

@BOOK{boyapati,
author = "C. Boyapati, S. Khurshid, D. Marinov",
title = "Korat: automated testing based on Java predicates",
address = "",
publisher = "Proc. of International Symposium on Software Testing and Analysis",
year = 2002,
numpages = 123
}

@BOOK{kantorovich,
author = "Л. В. Канторович",
title = "Математические методы организации и планирования производства",
address = "Санкт-Петербург",
publisher = "изд. ЛГУ",
year = 1939
}

@BOOK{karmanov,
author = "Карманов В. Г.",
title = "Математическое программирование",
address = "Москва",
publisher = "Наука",
year = 1986,
numpages = 288
}

@BOOK{balinski,
author = "Balinski M. L.",
title = "Integer Programming: Methods, Uses, Computations",
address = "",
publisher = "Management Science",
year = 1965,
numpages = 253
}

@MISC{doe:website,
      AUTHOR = "John Doe",
      TITLE = "the website title",
      MONTH = feb,
      YEAR = 2011,
      NOTE = "url{http://whereever/file.ext}"
}
